@online{osgi,
  author = {Wikipedia},
  title = {OSGI},
  year = 2013,
  url = {http://en.wikipedia.org/wiki/OSGi},
  urldate = {2013-12-01}
}

@online{osgi_benefit,
  author = {ADRIAN COLYER},
  title = {Why should I care about OSGi anyway?},
  year = 2008,
  url = {http://spring.io/blog/2008/05/15/why-should-i-care-about-osgi-anyway/},
  urldate = {2013-12-01}
}

@online{hydna,
  author = {Hydna AB},
  title = {Hydna},
  year = 2013,
  url = {https://www.hydna.com/},
  urldate = {2013-12-01}
}

@online{NINJA_SPHERE,
  author = {Ninja Blocks},
  title = {NINJA SPHERE: Next Generation Control of Your Environment},
  year = 2013,
  url = {http://www.kickstarter.com/projects/ninja/ninja-sphere-next-generation-control-of-your-envir?ref=users},
  urldate = {2013-12-01}
}

@online{kickstarter,
  author = {Wikipedia},
  title = {Wikipedia--Kickstarter},
  year = 2013,
  url = {http://en.wikipedia.org/wiki/Kickstarter},
  urldate = {2013-12-01}
}

@online{defa,
  author = {DEFA},
  title = {DEFA offical website},
  year = 2013,
  url = {http://www.defa.com/no/fp/},
  urldate = {2013-12-01}
}

@online{hyttami,
  author = {DEFA},
  title = {HyttaMi offical website},
  year = 2013,
  url = {http://www.hyttami.no/om_hyttami},
  urldate = {2013-12-01}
}